@inproceedings{modeldriven,
    author    = {Gandhi,Anshul and Dube,Parijat and Karve,Alexei and Kochut,Andrzej and Zhang,Li},
    title     = {Adaptive, Model-driven Autoscaling for Cloud Applications},
    booktitle = {ICACâ€™14 Proceedings of the 11th International Conference on Autonomic Computing}, 
    address  = {Philadelphia, PA},
    year      = {2014},
    month    = {June}
}

@inproceedings{pluggable,
    author    = {Bunch,Chris and Arora,Vaibhav and Chohan,Navraj and Krintz,Chandra and Hegde,Shashank and Srivastava,Ankit},
    title     = {A Pluggable Autoscaling Service for Open Cloud PaaS Systems},
    booktitle = {UCC '12 Proceedings of the 2012 IEEE/ACM Fifth International Conference on Utility and Cloud Computing}, 
    address  = {Washington, DC},
    publisher = {IEEE Computer Society},
    year      = {2012},
    month = {Nov},
    pages = {191-194}
}

@inproceedings{sladriven,
    author    = {Kouki,Yousri and Ledoux,Thomas},
    title     = {SCAling: SLA-driven cloud auto-scaling},
    booktitle = {SAC '13 Proceedings of the 28th Annual ACM Symposium on Applied Computing}, 
    address  = {New York, NY},
    publisher = {ACM},
    year      = {2013},
    month = {March},
    pages = {411-414}
}


@inproceedings{reactiveintoproactive,
    author    = {Moore,Laura R. and Bean,Kathryn and Ellahi,Tariq},
    title     = {Transforming reactive auto-scaling into proactive auto-scaling},
    booktitle = {CloudDP '13 Proceedings of the 3rd International Workshop on Cloud Data and Platforms}, 
    address  = {New York, NY},
    publisher = {ACM},
    year      = {2013},
    month = {April},
    pages = {7-12 }
}

@inproceedings{autoscalingissues,
    author    = {Alipour,Hanieh and Liu,Yan and Hamou-Lhadj,Abdelwahab},
    title     = {Analyzing auto-scaling issues in cloud environments},
    booktitle = {CASCON '14 Proceedings of 24th Annual International Conference on Computer Science and Software Engineering}, 
    address  = {Riverton, NJ},
    publisher = {IBM Corp.},
    year      = {2014},
    month = {Nov},
    pages = {75-89}
}

@misc{website:stratos,
      title = {WSO2 Private PaaS},
      howpublished = "\url{http://wso2.com/cloud/private-paas}",
      note = "[Online; accessed 19-July-2008]"
}

@misc{website:gartner,
      title = {Gartner},
      howpublished = "\url{http://www.gartner.com/technology/home.jsp}",
      note = "[Online; accessed 19-July-2008]"
}

@misc{website:worldcup,
	title={World Cup 98},
	howpublished = "\url{http://ita.ee.lbl.gov/html/contrib/WorldCup.html}",
	note = "[Online; accessed 19-July-2008]"
}


@article{reviewofautoscaling,
    author    = {Lorido-Botran,Tania and Miguel-Alonso,Jose and Lozano,Jose A.},
    title     = {A Review of Auto-scaling Techniques for Elastic Applications in Cloud Environments},
    journal   = {Journal of Grid Computing},
    volume   = {12},
    number   = {4},
    pages    = {559-592},
    year      = {2014},
    month    = {Dec},
}